<?xml version='1.0' encoding='UTF-8'?>
<record xmlns="http://www.loc.gov/MARC21/slim">
  <leader>01788cam a2200385 a 4500</leader>
  <controlfield tag="001">406391</controlfield>
  <controlfield tag="003">NjP</controlfield>
  <controlfield tag="005">20170518131212.0</controlfield>
  <controlfield tag="008">871023s1985    ir       b    000 0 ara d</controlfield>
  <datafield tag="024" ind1="7" ind2=" ">
    <subfield code="a">princeton_aco001939</subfield>
    <subfield code="2">local</subfield>
  </datafield>
  <datafield ind1=" " ind2=" " tag="035">
    <subfield code="a">(OCoLC)37614062</subfield>
  </datafield>
  <datafield ind1=" " ind2=" " tag="035">
    <subfield code="a">(OCoLC)ocn175699058</subfield>
  </datafield>
  <datafield ind1=" " ind2=" " tag="035">
    <subfield code="a">(OCoLC)175699058</subfield>
  </datafield>
  <datafield ind1=" " ind2=" " tag="035">
    <subfield code="a">(CStRLIN)NJPG87-B52980</subfield>
  </datafield>
  <datafield ind1=" " ind2=" " tag="035">
    <subfield code="9">ABY1904TS</subfield>
  </datafield>
  <datafield ind1=" " ind2=" " tag="035">
    <subfield code="a">(NjP)406391</subfield>
  </datafield>
  <datafield ind1=" " ind2=" " tag="040">
    <subfield code="a">NjP</subfield>
    <subfield code="c">PUL</subfield>
    <subfield code="d">PUL</subfield>
  </datafield>
  <datafield ind1=" " ind2=" " tag="049">
    <subfield code="a">PULL</subfield>
  </datafield>
  <datafield ind1=" " ind2=" " tag="079">
    <subfield code="a">ocm37614062</subfield>
  </datafield>
  <datafield ind1="1" ind2=" " tag="100">
    <subfield code="6">880-01</subfield>
    <subfield code="a">Khwānsārī, Aḥmad.</subfield>
  </datafield>
  <datafield ind1="1" ind2="0" tag="245">
    <subfield code="6">880-02</subfield>
    <subfield code="a">Jāmiʻ al-madārik fī sharḥ al-Mukhtaṣar al-nāfiʻ /</subfield>
    <subfield code="c">li-muʼallifihi Aḥmad al-Khwānsārī ; ʻallaqa ʻalayhi ʻAlī Akbar al-Ghaffārī.</subfield>
  </datafield>
  <datafield ind1=" " ind2=" " tag="250">
    <subfield code="a">Chāp-i 2.</subfield>
  </datafield>
  <datafield ind1=" " ind2=" " tag="260">
    <subfield code="6">880-03</subfield>
    <subfield code="a">[Tehran] :</subfield>
    <subfield code="b">A. Khwānsārī :</subfield>
    <subfield code="b">Maktabat al-Ṣadūq :</subfield>
    <subfield code="b">Muʼassasat Ismāʼiliyān,</subfield>
    <subfield code="c">1364 [1985]</subfield>
  </datafield>
  <datafield ind1=" " ind2=" " tag="300">
    <subfield code="a">7 v. in 6 ;</subfield>
    <subfield code="c">25 cm.</subfield>
  </datafield>
  <datafield ind1=" " ind2=" " tag="504">
    <subfield code="a">Bibliography: v. 1, p. [4] (1st group).</subfield>
  </datafield>
  <datafield ind1="1" ind2="0" tag="600">
    <subfield code="6">880-04</subfield>
    <subfield code="a">Muḥaqqiq al-Ḥillī, Jaʻfar ibn al-Ḥasan,</subfield>
    <subfield code="d">1205 or 1206-1277.</subfield>
    <subfield code="t">Mukhtaṣar al-nāfiʻ.</subfield>
  </datafield>
  <datafield ind1="1" ind2=" " tag="700">
    <subfield code="6">880-05</subfield>
    <subfield code="a">Ghaffārī, ʻAlī Akbar.</subfield>
  </datafield>
  <datafield ind1="1" ind2=" " tag="880">
    <subfield code="6">100-01/r</subfield>
    <subfield code="a">خوانساري، احمد.</subfield>
  </datafield>
  <datafield ind1="1" ind2="0" tag="880">
    <subfield code="6">245-02/r</subfield>
    <subfield code="a">جامع المدارك في شرح المختصر النافع /</subfield>
    <subfield code="c">لمؤلفه احمد الخوانساري ؛ علق عليه علي اكبر الغفاري.</subfield>
  </datafield>
  <datafield ind1=" " ind2=" " tag="880">
    <subfield code="6">260-03/r</subfield>
    <subfield code="a">[طهران] :</subfield>
    <subfield code="b">ا. خوانساري :</subfield>
    <subfield code="b">مكتبة الصدوق :</subfield>
    <subfield code="b">مؤسسة اسمائليان،</subfield>
    <subfield code="c">1364 [1985]</subfield>
  </datafield>
  <datafield ind1="1" ind2="4" tag="880">
    <subfield code="6">600-04/r</subfield>
    <subfield code="a">محقق الحلي، جعفر بن الحسن،</subfield>
    <subfield code="d">1205 or 1206-1277.</subfield>
    <subfield code="t">مختصر النافع.</subfield>
  </datafield>
  <datafield ind1="1" ind2=" " tag="880">
    <subfield code="6">700-05/r</subfield>
    <subfield code="a">غفاري، علي اكبر.</subfield>
  </datafield>
  <datafield ind1=" " ind2=" " tag="998">
    <subfield code="a">09/14/90</subfield>
    <subfield code="s">9114</subfield>
    <subfield code="n">NjP</subfield>
    <subfield code="w">NJPG87B52980</subfield>
    <subfield code="d">10/23/87</subfield>
    <subfield code="c">KE</subfield>
    <subfield code="b">JEB</subfield>
    <subfield code="l">NJPG</subfield>
  </datafield>
  <datafield ind1=" " ind2=" " tag="911">
    <subfield code="a">19921028</subfield>
  </datafield>
  <datafield ind1=" " ind2=" " tag="912">
    <subfield code="a">19910104000000.0</subfield>
  </datafield>
  <datafield ind1=" " ind2=" " tag="994">
    <subfield code="a">C0</subfield>
    <subfield code="b">PUL</subfield>
  </datafield>
  <datafield ind1=" " ind2=" " tag="999">
    <subfield code="a">406391</subfield>
  </datafield>
  <datafield ind1="0" ind2="0" tag="852">
    <subfield code="0">442828</subfield>
    <subfield code="b">nec</subfield>
    <subfield code="t">1</subfield>
    <subfield code="h">KBP370.M84</subfield>
    <subfield code="i">A363 1985</subfield>
  </datafield>
  <datafield ind1=" " ind2="0" tag="866">
    <subfield code="0">442828</subfield>
    <subfield code="a">Juz' 1-juz' 7</subfield>
  </datafield>
  <datafield ind1=" " ind2=" " tag="959">
    <subfield code="a">2000-06-13 00:00:00 -0400</subfield>
  </datafield>
</record>
